
@article{brown_calculation_1991,
	title = {Calculation of a constant {Q} spectral transform},
	volume = {89},
	issn = {0001-4966},
	url = {http://asa.scitation.org/doi/10.1121/1.400476},
	doi = {10.1121/1.400476},
	language = {en},
	number = {1},
	urldate = {2020-02-23},
	journal = {The Journal of the Acoustical Society of America},
	author = {Brown, Judith C.},
	month = jan,
	year = {1991},
	pages = {425--434},
	file = {Brown - 1991 - Calculation of a constant iQi spectral transf.pdf:/home/sirivasv/Documents/researchlibrary/Brown - 1991 - Calculation of a constant iQi spectral transf.pdf:application/pdf;Brown - 1991 - Calculation of a constant iQi spectral transf.pdf:C\:\\Users\\sauli\\Zotero\\storage\\J69CFWU6\\Brown - 1991 - Calculation of a constant iQi spectral transf.pdf:application/pdf}
}
