@book{joyanes_aguilar_fundamentos_2008,
	location = {Madrid},
	year={2008},
	language={spanish},
	title = {Fundamentos de programación  libro de problemas },
	isbn = {978-84-481-3986-5},
	shorttitle = {Fundamentos de programación},
	abstract = {Este libro es una obra práctica de aprendizaje para la introducción a la programación de computadoras, aunque también ha sido escrito pensando en ser libro complementario de la obra Fundamentos de programación. Para este fin, el contenido del libro coincide casi en su totalidad con los diferentes capítulos de la citada obra.},
	publisher = {{McGraw}-Hill},
	author = {Joyanes Aguilar, Luis and Rodríguez Baena, Luis and Fernández Azuela, Matilde},
	date = {2008},
	note = {{OCLC}: 629802677},
	file = {Joyanes Aguilar et al. - 2008 - Fundamentos de programación libro de problemas  .pdf:/home/sirivasv/Zotero/storage/ZXNQSWEB/Joyanes Aguilar et al. - 2008 - Fundamentos de programación libro de problemas  .pdf:application/pdf}
}
@online{loyola_university,
	author = {Toal, Ray},
	title = {Programming Paradigms},
	url = {https://cs.lmu.edu/~ray/notes/paradigms/.},
	date = {2019-08-14},
	note={[Accedido: 14-8-2019]},
}
@article{why_functional,
	author = {Hughes, J.},
	title = {Why functional programming matters},
	journal = {The computer journal},
	volume = {32},
	number = {2},
	month = {Noviembre},
	year={1989}
}
@online{hack_fp,
	author = {Bera, Vimal},
	title = {Functional Programming - A new paradigm},
	url = {https://www.hackerearth.com/practice/notes/functional-programming-a-new-paradigm/.},
	month={Febrero},
	year={2015},
	note={[Accedido: 14-8-2019]},
}
@online{leandro_fp,
	author = { Leandro},
	title = {An Introduction to the basic principles of Functional Programming},
	url = {https://www.freecodecamp.org/news/an-introduction-to-the-basic-principles-of-functional-programming-a2c2a15c84/.},
	month={Noviembre},
	year={2018},
	note={[Accedido: 14-8-2019]},
}
@online{quora_fp,
	author = {Tov, Jesse},
	title = {What are some examples of functional programming languages?},
	url = {https://qr.ae/TWrAfS.},
	month={Abril},
	year={2018},
	note={[Accedido: 14-8-2019]},
}
@online{testimonials_fs,
	author = {Jack Mott and others},
	title = {Testimonials and Quotes},
	url = {https://fsharp.org/testimonials/.},
	note={[Accedido: 14-8-2019]},
}
@online{introductioin_lp,
	author = {You Jia-Huai},
	title = {Introduction to Logic Introduction to Logic Programming},
	url = {http://www.eng.ucy.ac.cy/theocharides/Courses/ECE317/Logic%20Programming%201.pdf.},
	note={[Accedido: 14-8-2019]},
}
@article{DBLP:journals/corr/cs-PL-0107013,
	author    = {Krzysztof R. Apt},
	title     = {The Logic Programming Paradigm and Prolog},
	journal   = {CoRR},
	volume    = {cs.PL/0107013},
	year      = {2001},
	url       = {http://arxiv.org/abs/cs.PL/0107013},
	timestamp = {Mon, 13 Aug 2018 16:46:48 +0200},
	biburl    = {https://dblp.org/rec/bib/journals/corr/cs-PL-0107013},
	bibsource = {dblp computer science bibliography, https://dblp.org}
}
@online{computer_hope,
	author = {C. H.},
	title = {Logic programming},
	month={Junio},
	year={2019},
	url = {https://www.computerhope.com/jargon/l/logic-programming.htm.},
	note={[Accedido: 14-8-2019]},
}
@online{quora_lp,
	author = {Yushi Wang},
	title = {What are the applications of logic programming?},
	url = {https://qr.ae/TWrCJb.},
	month={November},
	year={2015},
	note={[Accedido: 14-8-2019]},
}
